@online{v353,
  title = {Versuch 353: Das Relaxationsverhalten eines RC-Kreises},
  urldate = "2018-01-08",
  url = "http://129.217.224.2/HOMEPAGE/PHYSIKER/BACHELOR/AP/SKRIPT/V353.pdf"
}
